<?xml version="1.0" encoding="UTF-8"?><record xmlns="http://www.loc.gov/MARC21/slim" xmlns:cinclude="http://apache.org/cocoon/include/1.0" xmlns:zs="http://www.loc.gov/zing/srw/">
  <leader>00855cz  a2200193n  4500</leader>
  <controlfield tag="001">n  87853374 </controlfield>
  <controlfield tag="003">DLC</controlfield>
  <controlfield tag="005">20120802082024.0</controlfield>
  <controlfield tag="008">870619n| acannaabn          |a aaa      </controlfield>
  <datafield tag="010" ind1=" " ind2=" ">
    <subfield code="a">n  87853374 </subfield>
  </datafield>
  <datafield tag="035" ind1=" " ind2=" ">
    <subfield code="a">(OCoLC)oca01880362</subfield>
  </datafield>
  <datafield tag="040" ind1=" " ind2=" ">
    <subfield code="a">DLC</subfield>
    <subfield code="b">eng</subfield>
    <subfield code="c">DLC</subfield>
    <subfield code="d">OCoLC</subfield>
    <subfield code="d">DLC</subfield>
  </datafield>
  <datafield tag="046" ind1=" " ind2=" ">
    <subfield code="f">1867</subfield>
    <subfield code="g">1935</subfield>
  </datafield>
  <datafield tag="100" ind1="1" ind2=" ">
    <subfield code="a">Moore, W. Harrison</subfield>
    <subfield code="q">(William Harrison),</subfield>
    <subfield code="c">Sir,</subfield>
    <subfield code="d">1867-1935</subfield>
  </datafield>
  <datafield tag="378" ind1=" " ind2=" ">
    <subfield code="q">William Harrison</subfield>
  </datafield>
  <datafield tag="400" ind1="1" ind2=" ">
    <subfield code="a">Moore, William Harrison,</subfield>
    <subfield code="c">Sir,</subfield>
    <subfield code="d">1867-1935</subfield>
  </datafield>
  <datafield tag="667" ind1=" " ind2=" ">
    <subfield code="a">THIS 1XX FIELD CANNOT BE USED UNDER RDA UNTIL THIS RECORD HAS BEEN REVIEWED AND/OR UPDATED</subfield>
  </datafield>
  <datafield tag="670" ind1=" " ind2=" ">
    <subfield code="a">His Act of state in English law, 1987:</subfield>
    <subfield code="b">CIP t.p. (W. Harrison Moore; of the Middle Temple, barrister at law; formerly scholar of King's College, Cambridge; dean of faculty of law, Univ. of Melbourne)</subfield>
  </datafield>
  <datafield tag="670" ind1=" " ind2=" ">
    <subfield code="a">W was W, 1929-40</subfield>
    <subfield code="b">(Moore, Sir (William) Harrison; b. 1867; d. 7-1-35)</subfield>
  </datafield>
</record>